<?xml version="1.0" encoding="UTF-8"?><collection xmlns="http://www.loc.gov/MARC21/slim"><record><leader>00481nam--2200157-i-4500</leader><controlfield tag="001">000032429</controlfield><controlfield tag="002">20161230</controlfield><controlfield tag="005">20161230201039</controlfield><controlfield tag="008">060222s1000------------r-----000-0-eng-d</controlfield><datafield ind1=" " ind2=" " tag="080"><subfield code="a">517.56:681.3</subfield></datafield><datafield ind1="1" ind2=" " tag="100"><subfield code="a">Mitchell, A.R</subfield></datafield><datafield ind1="1" ind2="0" tag="245"><subfield code="a">Computational methods in partial differential equations</subfield></datafield><datafield ind1=" " ind2=" " tag="260"><subfield code="a">London, John Wiley &amp; Sons, 1969, Xiii + 255p</subfield></datafield><datafield ind1=" " ind2=" " tag="490"><subfield code="a">Introductgory Mathematics For Scientists And Engineers</subfield></datafield><datafield ind1=" " ind2=" " tag="852"><subfield code="a">32909</subfield><subfield code="c">517.2/3</subfield></datafield><datafield ind1=" " ind2=" " tag="CAT"><subfield code="a">Sys</subfield><subfield code="c">20080717</subfield><subfield code="h">124438</subfield></datafield></record></collection>